@inproceedings{Rosa2020ModeloServicos,
   author = {Thatiane De Oliveira Rosa and Alfredo Goldman and Eduardo Martins Guerra},
   doi = {10.5753/cbsoft_estendido.2020.14607},
   eventtitle = {Anais Estendidos do XI Congresso Brasileiro de Software: Teoria e Prática (CBSoft 2020)},
   booktitle={Anais eletrônicos [\ldots]},
   month = {10},
   pages = {38-46},
   publisher = {Sociedade Brasileira de Computação - SBC},
   title = {Modelo para Caracterização e Evolução de Sistemas com Arquitetura Baseada em Serviços},
   year = {2020},
   url = {https://sol.sbc.org.br/index.php/cbsoft_estendido/article/view/14607},
}
