@article{Stal2006UsingArchitecture,
  author={Stal, M.},
  journal={IEEE Software},
  title={Using architectural patterns and blueprints for service-oriented architecture},
  year={2006},
  volume={23},
  number={2},
  pages={54-61},
  doi={10.1109/MS.2006.60},
  url={https://ieeexplore.ieee.org/document/1605179},
}
